<?xml version="1.0" encoding="UTF-8"?><collection><record><leader>07995ntm a2200601 a 4500</leader><controlfield tag="001">006806339</controlfield><controlfield tag="003">MiAaHDL</controlfield><controlfield tag="005">20190719000000.0</controlfield><controlfield tag="006">m        d        </controlfield><controlfield tag="007">cr bn ---auaua</controlfield><controlfield tag="008">090603q15uu16uuxx            00| ||per d</controlfield><datafield tag="035" ind1=" " ind2=" "><subfield code="a">(MiU)006806339</subfield></datafield><datafield tag="035" ind1=" " ind2=" "><subfield code="a">sdr-miu006806339</subfield></datafield><datafield tag="040" ind1=" " ind2=" "><subfield code="a">MiU</subfield><subfield code="c">MiU</subfield><subfield code="e">amremm</subfield></datafield><datafield tag="043" ind1=" " ind2=" "><subfield code="a">n-us-mi</subfield><subfield code="a">aw-----</subfield><subfield code="a">ff-----</subfield><subfield code="a">e-sp---</subfield></datafield><datafield tag="100" ind1="0" ind2=" "><subfield code="6">880-01</subfield><subfield code="a">Kamāl al-Dīn Ismāʻīl Iṣfahānī,</subfield><subfield code="d">approximately 1172-1237.</subfield></datafield><datafield tag="245" ind1="1" ind2="0"><subfield code="6">880-02</subfield><subfield code="a">Dīvān-i Kamāl al-Dīn Ismāʻīl,</subfield><subfield code="f">[16th or 17th century?].</subfield></datafield><datafield tag="246" ind1="3" ind2=" "><subfield code="6">880-03</subfield><subfield code="i">Title from colophon on fol.360a (p.719):</subfield><subfield code="a">Kullīyāt-i afṣaḥ al-mutakallimīn Kamāl al-Dīn Ismāʻīl Iṣfahānī</subfield></datafield><datafield tag="260" ind1=" " ind2=" "><subfield code="c">[15-- or 16--?].</subfield></datafield><datafield tag="300" ind1=" " ind2=" "><subfield code="a">360 leaves :</subfield><subfield code="b">paper ;</subfield><subfield code="c">307 x 180 (194 x 94) mm. bound to 315 x 185 mm.</subfield></datafield><datafield tag="500" ind1=" " ind2=" "><subfield code="a">Shelfmark: Ann Arbor, University of Michigan, Special Collections Library, Isl. Ms. 291</subfield></datafield><datafield tag="500" ind1=" " ind2=" "><subfield code="a">Origin: Date, copyist and place of transcription are not specified in colophon of fol.360a (p.720 ; paper and hand would suggest a dating of 16th to early-mid 17th century.</subfield></datafield><datafield tag="500" ind1=" " ind2=" "><subfield code="a">Binding: Pasteboards covered in black leather (pebbled quality of shagreen) with edges/turn-ins and spine in tan leather (sheep) ; Type III binding (without flap) ; doublures in red leather (sheep) with filigree in gold leather over red and blue paper and green silk ; upper and lower covers bear central scalloped mandorla with floral vegetal pattern (compare Déroche class. OAi2 7), pendants and corner pieces (in complementary floral vegetal pattern) along with tooled border consisting of a series of s-shaped stamps framed by scored fillets ; doublures bear scalloped mandorla, pendants and corner pieces with vegetal pattern in elaborate gold leather filigree applique over red and blue paper and green silk along with gold painted accents and rule border ; fine chevron endbands in blue-green and purple ; sewing mainly in same blue-green or blue (middle quires) with two sewing stations ; a few early quires sewn in white with two stations ; primaries in same blue-green ; in quite fair condition with some abrasion and edge wear, staining, minor pest damage, some lifting and losses of leather and paper (covers and filigree of doublures), and loose quires.</subfield></datafield><datafield tag="500" ind1=" " ind2=" "><subfield code="a">Support: non-European (Persian, 16th or early 17th century - prior to 1650 [?]) laid paper with fairly distinct laid lines running horizontally spaced roughly 8-9 laid lines per cm., some curving/sagging ; virtually no chain lines visible, though sporadically a single chain line is visible ; some undissolved fibers; thick ; crisp ; highly burnished with some burnisher's marks ; some pigment breakthrough along central frame of fol.1 ; some page repairs in same paper as flyleaves (apparently added later as evidenced by the traces of the doublure filigree design on fol.1a and fol.360b ; burn on fore edge of textblock ; some accretions, soiling, staining, etc.</subfield></datafield><datafield tag="500" ind1=" " ind2=" "><subfield code="a">Decoration: Superbly executed illuminated headpiece (ʻunwān) appears at the opening of each main section (see fol.1b/p.2, fol.183b/p.366, fol.280b/p.560, and fol.325b/p.650), each includes a cartouch bearing the work or section title ; elaborate frame consisting of bands of green, red, light blue, gold, blue and red with black fillets appears throughout ; incipit and facing page (as well as opening and facing page for each of other main sections) bear additional blue band with white crosses around written area and dividing the columns of the written area a band in lapis lazuli with floral pattern in gold ; written area throughout is gold-flecked ; cloud bands with floral vegetal pattern in green, blue and red appear on incipit and facing page (as well as on opening and facing page for each of the other main sections) ; margins (even inner margin) of incipit and facing page bear elaborate design of flowers, vines and birds in gold (as does opening and facing page for third main section - see p.560-561) ; opening and facing pages for second main section (see p.366-367) bears essentially the same design but with what appears to be faces of lions rather than birds ; opening and facing pages for final main section bear similar design with large blossoms rather than animal motifs ; text rubricated with section headings, etc. in red.</subfield></datafield><datafield tag="500" ind1=" " ind2=" "><subfield code="a">Script: Nastaliq ; fine Persian hand ; sans serif with characteristic sloping of words to baseline, final words or letters of each line superscript, closed counters, and characteristic letterforms.</subfield></datafield><datafield tag="500" ind1=" " ind2=" "><subfield code="a">Layout: Written in 21 lines per page ; written area divided to two columns ; frame-ruled.</subfield></datafield><datafield tag="500" ind1=" " ind2=" "><subfield code="a">Collation: i, IV+1 (9), 34 V (349), IV (357), I+1 (360), i ; chiefly quinions ; catchwords present, though occasionally lost to trimming ; pagination in pencil, Western numerals, supplied during cataloguing.</subfield></datafield><datafield tag="500" ind1=" " ind2=" "><subfield code="a">Colophon: "Scribal," triangular, chiefly in Arabic, reads: "تمت الكتاب بعون الله الملك الوهاب تمام شد كليات افصح المتكلمين كمال الدين اسمعيل اصفهانى عليه الرحمه تم تم تم"</subfield></datafield><datafield tag="500" ind1=" " ind2=" "><subfield code="a">Explicit: "جوياى كمالند بجان اهل هنر انگاه بجان كمال جوينده ست"</subfield></datafield><datafield tag="500" ind1=" " ind2=" "><subfield code="a">Incipit: "اى صفات تو بيانهار ازبان انداخته عزت ذاتت يقين را در كمان انداخته"</subfield></datafield><datafield tag="500" ind1=" " ind2=" "><subfield code="a">Title from cartouche in ʻunwān on fol.1b (p.2).</subfield></datafield><datafield tag="500" ind1=" " ind2=" "><subfield code="a">Ms. codex.</subfield></datafield><datafield tag="505" ind1="0" ind2=" "><subfield code="a">4. fol.325b-360a : رباعيات خلاق المعانى كمال الدين اصفهانى غفر الله ذنوبه</subfield></datafield><datafield tag="505" ind1="0" ind2=" "><subfield code="a">3. fol.280b-325a : غزليات كمال الدين اسماعيل</subfield></datafield><datafield tag="505" ind1="0" ind2=" "><subfield code="a">2. fol.183b-fol.280a : مقطعات خلاق المعانى كمال الدين اسماعيل</subfield></datafield><datafield tag="505" ind1="0" ind2=" "><subfield code="a">1. fol.1b-fol.183a : القصايد والمراثى من كلام افصح الفصحا كمال الدين اسمعيل اصفهانى</subfield></datafield><datafield tag="510" ind1="4" ind2=" "><subfield code="a">Cat. Pers. MSS. Brit. Mus.,</subfield><subfield code="c">p. 580</subfield></datafield><datafield tag="520" ind1="8" ind2=" "><subfield code="a">Exquisite copy of the collected poems of the noted panegyrist, Kamāl al-Dīn Ismāʻīl known as Khallāq al-Maʻānī, including qaṣāʼid, marās̲ī, muqaṭṭaʻāt, ghazalīyāt and rubāʻīyāt.</subfield></datafield><datafield tag="538" ind1=" " ind2=" "><subfield code="a">Mode of access: Internet.</subfield></datafield><datafield tag="541" ind1=" " ind2=" "><subfield code="c">Purchase ;</subfield><subfield code="a">Acquired by purchase (funds donated by Horace Rackham).</subfield><subfield code="d">1924.</subfield></datafield><datafield tag="546" ind1=" " ind2=" "><subfield code="a">Persian.</subfield></datafield><datafield tag="561" ind1=" " ind2=" "><subfield code="a">Inscription in black ink, fine taʻlīq with left-sloping head serifs on fol.1a (p.1) appears to include ownership statement in name of Muḥammad Naṣr al-Dīn ibn ʻIbād Allāh ; another inscription in brown ink on fol.1a (p.1) is quite faded and difficult to read ; an obliterated statement in black ink appears on fol.360a (p.719) ; several former inventory marks including "(٨)" on front flyleaf recto, "245 T. De M. [i.e. Tammaro De Marinis]" on front flyleaf verson in pencil, and "15/5" on fol.1a (p.1) ; collation marks appear throughout first section of the work "بلغ" ; many marginal corrections (first section in particular), marked ص or with signes-de-renvoi such as bā hindīyah ; notabilia / side-heads (mainly in early sections).</subfield></datafield><datafield tag="650" ind1=" " ind2="0"><subfield code="a">Manuscripts, Persian</subfield><subfield code="z">Michigan</subfield><subfield code="z">Ann Arbor.</subfield></datafield><datafield tag="650" ind1=" " ind2="0"><subfield code="a">Persian poetry</subfield><subfield code="y">747-1500.</subfield></datafield><datafield tag="655" ind1=" " ind2="7"><subfield code="a">Headpieces (layout features)</subfield><subfield code="y">16th century.</subfield><subfield code="2">aat</subfield></datafield><datafield tag="700" ind1="0" ind2=" "><subfield code="6">880-05</subfield><subfield code="a">Muḥammad Naṣr al-Dīn ibn ʻIbād Allāh,</subfield><subfield code="e">former owner.</subfield></datafield><datafield tag="700" ind1="0" ind2=" "><subfield code="a">Abdülhamid</subfield><subfield code="b">II,</subfield><subfield code="c">Sultan of the Turks,</subfield><subfield code="d">1842-1918,</subfield><subfield code="e">former owner.</subfield></datafield><datafield tag="773" ind1="0" ind2=" "><subfield code="a">Abdul Hamid Collection.</subfield></datafield><datafield tag="880" ind1="0" ind2=" "><subfield code="6">700-05/</subfield><subfield code="a">محمد نصر الدين بن عباد الله,</subfield><subfield code="e">مالك سابق.</subfield></datafield><datafield tag="880" ind1="3" ind2=" "><subfield code="6">246-03/</subfield><subfield code="a">كليات افصح المتكلمين كمال الدين اسماعيل اصفهانى</subfield></datafield><datafield tag="880" ind1="1" ind2="0"><subfield code="6">245-02/</subfield><subfield code="a">ديوان كمال الدين اسماعيل,</subfield><subfield code="f">[قرن 16 يا 17م؟].</subfield></datafield><datafield tag="880" ind1="0" ind2=" "><subfield code="6">100-01/</subfield><subfield code="a">كمال الدين اسماعيل اصفهاني,</subfield></datafield><datafield tag="CID" ind1=" " ind2=" "><subfield code="a">006806339</subfield></datafield><datafield tag="DAT" ind1="0" ind2=" "><subfield code="a">20190719102637.0</subfield><subfield code="b">20190719000000.0</subfield></datafield><datafield tag="DAT" ind1="1" ind2=" "><subfield code="a">20190719090653.0</subfield><subfield code="b">2019-07-19T16:10:25Z</subfield></datafield><datafield tag="DAT" ind1="2" ind2=" "><subfield code="a">2015-10-10T18:00:06Z</subfield></datafield><datafield tag="CAT" ind1=" " ind2=" "><subfield code="a">SDR-MIU</subfield><subfield code="d">EX LIBRIS - ALEPH</subfield><subfield code="l">prepare.pl-004-008</subfield></datafield><datafield tag="FMT" ind1=" " ind2=" "><subfield code="a">BK</subfield></datafield><datafield tag="HOL" ind1=" " ind2=" "><subfield code="0">sdr-miu006806339</subfield><subfield code="a">MiU</subfield><subfield code="b">SDR</subfield><subfield code="c">MIU</subfield><subfield code="p">mdp.39015079127877</subfield><subfield code="s">MIU</subfield><subfield code="1">006806339</subfield></datafield><datafield tag="974" ind1=" " ind2=" "><subfield code="b">MIU</subfield><subfield code="c">MIU</subfield><subfield code="d">20190719</subfield><subfield code="s">lit-dlps-dc</subfield><subfield code="u">mdp.39015079127877</subfield><subfield code="y">1699</subfield><subfield code="r">pd</subfield><subfield code="q">bib</subfield><subfield code="t">non-US bib date2 &lt; 1879</subfield></datafield></record></collection>